@misc{rma,
  title = {Robust Multiarray Average},
  howpublished = {https://rdrr.io/bioc/affy/man/rma.html},
  note = {last access 10/12/2021}
}

@misc{frma,
  title = {Frozen Robust Multiarray Average},
  howpublished = {https://rdrr.io/bioc/frma/man/frma.html},
  note = {last access 10/12/2021}
}

@misc{limma,
  title = {LIMMA},
  howpublished = {https://rdrr.io/bioc/limma/},
  note = {last access 10/12/2021}
}

@misc{borda,
  title = {Borda count},
  howpublished = {https://www.rdocumentation.org/packages/votesys/ versions/0.1.1/topics/borda\_method},
  note = {last access 10/12/2021}
}

@misc{GEO,
	title = {Home - {GEO} - {NCBI}},
	url = {https://www.ncbi.nlm.nih.gov/geo/},
	abstract = {Gene Expression Omnibus (GEO) is a database repository of high throughput      gene expression data and hybridization arrays, chips, microarrays.},
	urldate = {2021-11-11},
}

@misc{TCGA,
	title = {{GDC}},
	url = {https://portal.gdc.cancer.gov/projects/TCGA-COAD},
	urldate = {2021-11-11},
}

@misc{deseq2,
  title = {Deseq2},
  howpublished = {https://bioconductor.org/packages/release/bioc/html/DESeq2.html},
  note = {last access 10/12/2021}
}

@misc{string,
  title = {STRING},
  howpublished = {https://string-db.org/},
  note = {last access 10/12/2021}
}

@misc{enrichr,
  title = {EnrichR},
  howpublished = {https://maayanlab.cloud/Enrichr/},
  note = {last access 10/12/2021}
}

@misc{cox,
  title = {Cox model},
  howpublished = {https://www.rdocumentation.org/packages/survival/versions/3.2-13/topics/coxph},
  note = {last access 10/12/2021}
}

@misc{cutp,
  title = {Optimal cutpoints},
  howpublished = {https://www.rdocumentation.org/packages/survMisc/versions/0.5.5/topics/cutp},
  note = {last access 10/12/2021}
}

@misc{survfit,
  title = {Kaplan-Meier curves},
  howpublished = {https://rdrr.io/cran/survival/man/survfit.html},
  note = {last access 10/12/2021}
}
